<?xml version="1.0" encoding="UTF-8"?>
<collection xmlns:xsi="http://www.w3.org/2001/XMLSchema-instance" xsi:schemaLocation="http://www.loc.gov/MARC21/slim http://www.loc.gov/standards/marcxml/schema/MARC21slim.xsd" xmlns="http://www.loc.gov/MARC21/slim">
<record>
  <leader>01532cam a2200313 a 4500</leader>
  <controlfield tag="001">2750199</controlfield>
  <controlfield tag="003">NNC</controlfield>
  <controlfield tag="005">20100224213434.0</controlfield>
  <controlfield tag="008">890331q19601965sy            000 0 ara  </controlfield>
  <datafield tag="010" ind1=" " ind2=" ">
    <subfield code="a">   65152000 </subfield>
  </datafield>
  <datafield tag="035" ind1=" " ind2=" ">
    <subfield code="a">(OCoLC)49006533</subfield>
  </datafield>
  <datafield tag="035" ind1=" " ind2=" ">
    <subfield code="a">(OCoLC)ocm49006533</subfield>
  </datafield>
  <datafield tag="035" ind1=" " ind2=" ">
    <subfield code="9">ARL5343CU</subfield>
  </datafield>
  <datafield tag="035" ind1=" " ind2=" ">
    <subfield code="a">(NNC)2750199</subfield>
  </datafield>
  <datafield tag="040" ind1=" " ind2=" ">
    <subfield code="a">DLC</subfield>
    <subfield code="c">DLC</subfield>
    <subfield code="d">MH</subfield>
    <subfield code="d">CStRLIN</subfield>
    <subfield code="d">CtY</subfield>
  </datafield>
  <datafield tag="043" ind1=" " ind2=" ">
    <subfield code="a">ma-----</subfield>
  </datafield>
  <datafield tag="066" ind1=" " ind2=" ">
    <subfield code="c">(3</subfield>
  </datafield>
  <datafield tag="100" ind1="1" ind2=" ">
    <subfield code="6">880-01</subfield>
    <subfield code="a">Thurayyā, Yūsuf Wahbah.</subfield>
  </datafield>
  <datafield tag="245" ind1="1" ind2="0">
    <subfield code="6">880-02</subfield>
    <subfield code="a">Bayān ishtirākī ʻArabī li-jamīʻ al-fiʾāt al-ʻāmilah fī al-qiṭāʻayn al-khāṣṣ wa-al-ʻāmm ʻalá ḍawʾ ahdāfinā al-kubrá fī al-waḥdah wa-al-ḥurrīyah wa-al-ishtirākīyah /</subfield>
    <subfield code="c">Yūsuf Wahbah Thurayyā.</subfield>
  </datafield>
  <datafield tag="260" ind1=" " ind2=" ">
    <subfield code="6">880-03</subfield>
    <subfield code="a">[Damascus] :</subfield>
    <subfield code="b">Dār al-Yaqaẓah al-ʻArabīyah lil-Taʾlīf wa-al-Tarjamah wa-al-Nashr,</subfield>
    <subfield code="c">[between 1960 and 1965]</subfield>
  </datafield>
  <datafield tag="300" ind1=" " ind2=" ">
    <subfield code="a">111 p. ;</subfield>
    <subfield code="c">20 cm.</subfield>
  </datafield>
  <datafield tag="650" ind1=" " ind2="0">
    <subfield code="a">Nationalism</subfield>
    <subfield code="z">Arab countries.</subfield>
  </datafield>
  <datafield tag="650" ind1=" " ind2="0">
    <subfield code="a">Socialism</subfield>
    <subfield code="z">Arab countries.</subfield>
  </datafield>
  <datafield tag="650" ind1=" " ind2="0">
    <subfield code="a">Panarabism.</subfield>
  </datafield>
  <datafield tag="880" ind1="1" ind2=" ">
    <subfield code="6">100-01/(3/r</subfield>
    <subfield code="a">ثريا، يوسف وهبة.</subfield>
  </datafield>
  <datafield tag="880" ind1="1" ind2="0">
    <subfield code="6">245-02/(3/r</subfield>
    <subfield code="a">بيان اشتراكي عربي لجميع الفئات العاملة في القطاعين الخاص والعام على ضوء أهدافنا الكبرى في الوحدة والحرية والاشتراكية /</subfield>
    <subfield code="c">يوسف وهبة ثريا.</subfield>
  </datafield>
  <datafield tag="880" ind1=" " ind2=" ">
    <subfield code="6">260-03/(3/r</subfield>
    <subfield code="a">[دمشق] :</subfield>
    <subfield code="b">دار اليقظة العربية للتأليف والترجمة والنشر،</subfield>
    <subfield code="c">[بين 1960 و1965]</subfield>
  </datafield>
  <datafield tag="955" ind1=" " ind2=" ">
    <subfield code="b">CU58103287</subfield>
    <subfield code="d">off,leh</subfield>
    <subfield code="e">DS38 .T5</subfield>
  </datafield>
</record>
</collection>